%% This BibTeX bibliography file was created using BibDesk.
%% http://bibdesk.sourceforge.net/

%% Saved with string encoding Unicode (UTF-8) 

@article{feynman1965feynman,
  title={The feynman lectures on physics; vol. i},
  author={Feynman, Richard P and Leighton, Robert B and Sands, Matthew},
  journal={American Journal of Physics},
  volume={33},
  number={9},
  pages={750--752},
  year={1965},
  publisher={American Association of Physics Teachers}
}

@article{dirac1929quantum,
  title={Quantum mechanics of many-electron systems},
  author={Dirac, Paul Adrien Maurice},
  journal={Proceedings of the Royal Society of London. Series A, Containing Papers of a Mathematical and Physical Character},
  volume={123},
  number={792},
  pages={714--733},
  year={1929},
  publisher={The Royal Society London}
}

@article{charoenwet2024empirical,
  title={An Empirical Study of Static Analysis Tools for Secure Code Review},
  author={Charoenwet, Nattapon and others},
  journal={arXiv preprint arXiv:2407.12241},
  year={2024}
}

@inproceedings{pashchenko2021qualitative,
  title={A qualitative study on the adoption of security development tools},
  author={Pashchenko, Iryna and others},
  booktitle={Proceedings of the 29th ACM Joint Meeting on European Software Engineering Conference and Symposium on the Foundations of Software Engineering},
  pages={1055--1066},
  year={2021}
}

@article{bermejo2020benchmarking,
  title={Benchmarking Approach to Compare Web Applications Static Analysis Tools Detecting OWASP Top Ten Security Vulnerabilities},
  author={Bermejo Higuera, Javier and others},
  journal={Applied Sciences},
  volume={10},
  number={15},
  pages={5038},
  year={2020}
}

@inproceedings{nadkarni2022fixing,
  title={Fixing security bugs in an IDE: A multi-method exploration of developers' needs},
  author={Nadkarni, Amruta and K\"astner, Christian},
  booktitle={2022 IEEE/ACM 44th International Conference on Software Engineering: New Ideas and Emerging Results (ICSE-NIER)},
  pages={81--85},
  year={2022}
}

@article{li2020vulnerabilities,
  title={Vulnerabilities Mapping based on OWASP-SANS: a Survey for Static Application Security Testing},
  author={Li, Jinfeng},
  journal={arXiv preprint arXiv:2004.03216},
  year={2020}
}
